@misc{comin2020,
    Author = {Cesar Henrique Comin},
    Publisher = {DC-UFSCar},
    Title = {Processamento {D}igital de {I}magens – {A}ula 8: {F}iltragem {E}spacial {I}},
    Year = {2020}
    }
    
@misc{ponti2011,
    Author = {Moacir Ponti Jr.},
    Publisher = {ICMC-USP},
    Title = {Image {R}estoration – {I}mage {P}rocessing scc0251},
    Year = {2011},
    howpublished={\url{http://wiki.icmc.usp.br/images/7/78/Dip08_restoration.pdf}},
    }
    
@misc{wiki01,
	Author = {Wikipedia},
    Publisher = {Wikipedia},
    Title = {Geometric {M}ean},
    howpublished={\url{https://en.wikipedia.org/wiki/Geometric_mean}},
    }
   
@misc{wiki02,
	Author = {Wikipedia},
    Publisher = {Wikipedia},
    Title = {Median},
    howpublished={\url{https://en.wikipedia.org/wiki/Median}},
    }
