@misc{comin2020,
    Author = {Cesar Henrique Comin},
    Publisher = {DC-UFSCar},
    Title = {Processamento {D}igital de {I}magens – {A}ula 21: {L}imiarização e {M}orfologia},
    Year = {2020}
    }
    
@misc{comin2021,
    Author = {Cesar Henrique Comin},
    Publisher = {DC-UFSCar},
    Title = {Processamento {D}igital de {I}magens – {A}ula 22: {O}perações {M}orfológicas e {D}escritores de {F}orma},
    Year = {2020}
    }
    
@misc{wiki01,
	Author = {Wikipedia},
    Publisher = {Wikipedia},
    Title = {Flood {F}ill},
    howpublished={\url{https://en.wikipedia.org/wiki/Flood_fill}},
    }
   
